@unpublished{Pike15,
author = {Lee Pike and Jamey Sharp and Mark Tullsen and Patrick C. Hickey and James Bielman},
title = {Securing the automobile: A comprehensive approach},
year = {2015},
}

@unpublished{Klinedinst05,
author = {Dan Klinedinst and Christopher King},
title = {On Board Diagnostics: Risks and Vulnerabilities of the Connected Vehicle},
year = {2016},
}

@techreport{Kleberger,
author = {Pierre Kleberger and Tomas Olovsson and Erland Jonsson},
institution = {Department of Computer Science and Engineering Chalmers University of Technology SE\textendash 412 96 Gothenburg, Sweden},
title = {An In-Depth Analysis of the Security of the Connected Repair Shop},
}

@phdthesis{Kleberger15,
author = {Pierre Kleberger},
school = {Department of Computer Science and Engineering Chalmers University of Technology SE\textendash 412 96 Gothenburg, Sweden},
title = {On Securing the Connected Car},
year = {2015},
}

@techreport{Russel17,
author = {Brian Russell and Aaron Guzman and Paul Lanois and Drew Van Duren},
institution = {Cloud Security Alliance Internet of Things Working group},
title = {Observations and Recommendations on Connected Vehicle Security},
year = {2017},
}

@unpublished{Ahmed,
author = {Siam Ahmed},
title = {Get to Know Connected Vehicle Technology: V2V, V2X, V2I},
year = {2018},
url = {https://www.geotab.com/blog/connected-vehicle-technology/},
}

@techreport{MillerA,
author = {Charlie Miller and Chris Valasek},
title = {A Survey of Remote Automotive Attack Surfaces},
year = {2015},
}

@article{Yadav16,
author = {Aastha Yadav and Gaurav Bose and Radhika Bhange and Karan Kapoor and N. Ch.S. N Iyengar and Ronnie D. Caytiles},
journal = {International Journal of Security and Its Applications},
pages = {405-422},
title = {Security, Vulnerability and Protection of Vehicular On-board Diagnostics},
volume = {Vol. 10, No. 4},
year = {2016},
}

@unpublished{Bayer,
author = {S. Bayer and R. Jung and M. Wolf},
title = {OBD = Open Barn Door? Security Vulnerabilities and Protections for Vehicular On-Board Diagnosis (OBD)},
}

@article{Petit,
author = {Jonathan Petit and Steven E. Schladover},
journal = {IEEE Transactions on Intelligent Transportation Systems},
month = {September},
title = {Potential Cyberattacks on Automated Vehicles},
year = {2014},
}

@article{Tuhoy,
author = {Shane Tuhoy and Martin Glavin and Ciar\'{a}n Hughes and Edward Jones and Mohan Trivedi and Liam Kilmartin},
journal = {IEEE Transactions on Intelligent Transportation Systems},
month = {January},
title = {Intra-Vehicle Networks: A Review},
year = {2014},
}


@techreport{Kosher,
author = {Stephen Checkoway and Damon McCoy and Brian Kantor and Danny Anderson and Hovav Shacham and Stefan Savage  and Karl Koscher and Alexei Czeskis and Franziska Roesner and Tadayoshi Kohno},
institution = {University of California, San Diego and University of Washington},
title = {Comprehensive Experimental Analyses of Automotive Attack Surfaces},
}

@techreport{Kosher2,
author = {Karl Koscher and Alexei Czeskis and Franziska Roesner and Shwetak Patel and Tadayoshi Kohno and Stephen Checkoway and Damon McCoy and Brian Kantor and Danny Anderson and Hovav Shacham and Stefan Savage},
institution = {Department of Computer Science and Engineering University of Washington and Department of Computer Science and Engineering University of California San Diego},
note = {Experimental Security Analysis of a Modern Automobile},
year = {2010},
}

@misc{ wiki:OBD,
	author = "{Wikipedia contributors}",
	title = "On-board diagnostics --- {Wikipedia}{,} The Free Encyclopedia",
	year = "2018",
	url = "https://en.wikipedia.org/w/index.php?title=On-board_diagnostics&oldid=870086948",
	note = "[Online; accessed 29-November-2018]"
}

@misc{OBDhistory,
title = {OBDII: PAST, PRESENT and FUTURE},
url = {http://www.autotap.com/techlibrary/obdii_past_present_future.asp},
author = {AutoTap \textendash OBDII Automotive Diagnostic Tool},
note = "[Online; accessed 29-November-2018]"
}

@misc{OBDconnector,
title = {Does My Car Have OBD-II?},
url = {http://www.obdii.com/connector.html},
author = {AutoTap \textendash OBDII Automotive Diagnostic Tool},
note = "[Online; accessed 29-November-2018]"
}

@mmisc{ECU,
title = {Different Types of Microcontrollers are used in Automobile Applications},
url = {https://www.elprocus.com/different-microcontrollers-used-in-automobiles/},
author = {Tarun Argawal},
note = "[Online; accessed 29-November-2018]"
}

@misc{ wiki:ByzantineFault,
	author = "{Wikipedia contributors}",
	title = "Byzantine fault tolerance --- {Wikipedia}{,} The Free Encyclopedia",
	year = "2018",
	url = "https://en.wikipedia.org/w/index.php?title=Byzantine_fault_tolerance&oldid=869107483",
	note = "[Online; accessed 29-November-2018]"
}

@inproceedings{Byzantine,
address = {New Orleans USA},
author = {Miguel Castro and Barabara Liskov},
booktitle = {the Proceedings of the Third Symposium on Operating Systems Design and Implementation},
month = {February},
title = {Practical Byzantine Fault Tolerance},
year = {1999},
}

@inproceedings{Bluetooth,
author = {Pauric Doherty and Alan Molloy and Martin Glavin and Fearghal Morgan},
booktitle = {Proceedings, the Irish Signals and Systems Conference 2004 : ISSC 2004},
title = {A Review Of Bluetooth Security In The Automotive Environment},
year = {2004},
}

@misc{ wiki:Cryptography,
	author = "{Wikipedia contributors}",
	title = "Cryptography --- {Wikipedia}{,} The Free Encyclopedia",
	year = "2018",
	url = "https://en.wikipedia.org/w/index.php?title=Cryptography&oldid=870755003",
	note = "[Online; accessed 29-November-2018]"
}

@misc{ wiki:Digitalsignature,
	author = "{Wikipedia contributors}",
	title = "Digital signature --- {Wikipedia}{,} The Free Encyclopedia",
	year = "2018",
	url = "https://en.wikipedia.org/w/index.php?title=Digital_signature&oldid=871043749",
	note = "[Online; accessed 29-November-2018]"
}

@misc{ wiki:ECC,
	author = "{Wikipedia contributors}",
	title = "Elliptic-curve cryptography --- {Wikipedia}{,} The Free Encyclopedia",
	year = "2018",
	url = "https://en.wikipedia.org/w/index.php?title=Elliptic-curve_cryptography&oldid=867536222",
	note = "[Online; accessed 29-November-2018]"
}

@unpublished{ECCbasics,
author = {Jeronimo Garcia},
title = {Elliptic Curve Crypto , The Basics},
url = {https://hackernoon.com/eliptic-curve-crypto-the-basics-e8eb1e934dc5},
note = "[Online; accessed 29-November-2018]"
}

@misc{ wiki:Hash,
	author = "{Wikipedia contributors}",
	title = "Cryptographic hash function --- {Wikipedia}{,} The Free Encyclopedia",
	year = "2018",
	url = "https://en.wikipedia.org/w/index.php?title=Cryptographic_hash_function&oldid=868055371",
	note = "[Online; accessed 29-November-2018]"
}

@misc{ wiki:SHA,
	author = "{Wikipedia contributors}",
	title = "Secure Hash Algorithms --- {Wikipedia}{,} The Free Encyclopedia",
	year = "2018",
	url = "https://en.wikipedia.org/w/index.php?title=Secure_Hash_Algorithms&oldid=837517049",
	note = "[Online; accessed 29-November-2018]"
}

@misc{ wiki:DH,
	author = "{Wikipedia contributors}",
	title = "Diffie\textendash Hellman key exchange --- {Wikipedia}{,} The Free Encyclopedia",
	year = "2018",
	url = "https://en.wikipedia.org/w/index.php?title=Diffie%E2%80%93Hellman_key_exchange&oldid=869274861",
	note = "[Online; accessed 29-November-2018]"
}

@misc{ wiki:ProtocolStack,
	author = "{Wikipedia contributors}",
	title = "Protocol stack --- {Wikipedia}{,} The Free Encyclopedia",
	year = "2018",
	url = "https://en.wikipedia.org/w/index.php?title=Protocol_stack&oldid=866619457",
	note = "[Online; accessed 29-November-2018]"
}

@misc{ wiki:PID,
	author = "{Wikipedia contributors}",
	title = "OBD-II PIDs --- {Wikipedia}{,} The Free Encyclopedia",
	year = "2018",
	url = "https://en.wikipedia.org/w/index.php?title=OBD-II_PIDs&oldid=870365927",
	note = "[Online; accessed 29-November-2018]"
}

@misc{ wiki:CAN,
	author = "{Wikipedia contributors}",
	title = "CAN bus --- {Wikipedia}{,} The Free Encyclopedia",
	year = "2018",
	url = "https://en.wikipedia.org/w/index.php?title=CAN_bus&oldid=870995924",
	note = "[Online; accessed 29-November-2018]"
}

@unpublished{CANhistory,
author = {CAN in Automation (CiA)},
title = {History of CAN technology},
url = {https://www.can-cia.org/can-knowledge/can/can-history/},
}

@techreport{CANissues,
author = {Robert Buttigieg and Mario Farrugia and Clyde Meli},
institution = {University of Malta},
title = {Security Issues in Controller Area Networks in Automobiles},
year = {2017},
}

@unpublished{CANarbitration,
author = {Abdul Rehwan Anwar},
title = {Bus arbitration in CAN (Controller Area Network)},
url = {https://www.linkedin.com/pulse/bus-arbitration-can-controller-area-network-abdul-rehman-anwer,2017},
}

@misc{ wiki:CRC,
	author = "{Wikipedia contributors}",
	title = "Cyclic redundancy check --- {Wikipedia}{,} The Free Encyclopedia",
	year = "2018",
	url = "https://en.wikipedia.org/w/index.php?title=Cyclic_redundancy_check&oldid=867705976",
	note = "[Online; accessed 29-November-2018]"
}

@misc{ wiki:RSA,
	author = "{Wikipedia contributors}",
	title = "RSA (cryptosystem) --- {Wikipedia}{,} The Free Encyclopedia",
	year = "2018",
	url = "https://en.wikipedia.org/w/index.php?title=RSA_(cryptosystem)&oldid=869016344",
	note = "[Online; accessed 29-November-2018]"
}

@misc{ wiki:ABS,
	author = "{Wikipedia contributors}",
	title = "Anti-lock braking system --- {Wikipedia}{,} The Free Encyclopedia",
	year = "2018",
	url = "https://en.wikipedia.org/w/index.php?title=Anti-lock_braking_system&oldid=870064581",
	note = "[Online; accessed 29-November-2018]"
}

@misc{ wiki:RBAC,
	author = "{Wikipedia contributors}",
	title = "Role-based access control --- {Wikipedia}{,} The Free Encyclopedia",
	year = "2018",
	url = "https://en.wikipedia.org/w/index.php?title=Role-based_access_control&oldid=867860238",
	note = "[Online; accessed 29-November-2018]"
}

@misc{ wiki:ECDSA,
	author = "{Wikipedia contributors}",
	title = "Elliptic Curve Digital Signature Algorithm --- {Wikipedia}{,} The Free Encyclopedia",
	year = "2018",
	url = "https://en.wikipedia.org/w/index.php?title=Elliptic_Curve_Digital_Signature_Algorithm&oldid=873142043",
	note = "[Online; accessed 18-December-2018]"
}

@unpublished{MillerC,
author = {Charlie Miller and Chris Valasek},
title = {Adventures in Automotive Networks and Control Units},
}

@unpublished{MillerD,
author = {Charlie Miller and Chris Valasek},
title = {Remote Exploitation of an Unaltered Passenger Vehicle},
year = {2017},
}

@unpublished{Autoline,
month = {November},
year = {2014},
url = {http://www.autoline.tv/journal/?p=34461},
}

@techreport{KeeLoq,
author = {Thomas Eisenbarth and Timo Kasper and Amir Moradi and Christof Paar and Mahmoud Salmasizadeh and Mohammad T. Manzuri Shalman},
institution = {Horst G\"{o}rtz Institute for IT Security Ruhr University Bochum, Germany and Department of Computer Engineering and Electronic Research Center Sharif University of Technology, Tehran, Iran},
title = {On the Power of Power Analysis in the Real World: A Complete Break of the KeeLoq Code Hopping Scheme},
year = {2008},
}

@techreport{Bayer15,
author = {Stephanie Bayer and Thomas Enderle and Dennis Kengo Oka and Marko Wolf},
title = {Security Crash Test \textendash Practical Security Evaluations of Automotive Onboard IT Components},
year = {2015},
}

@techreport{Enisa,
institution = {Agency for Network and Information Security (ENISA)},
title = {Cyber Security and Resilience of smart cars},
year = {2016},
}

@techreport{OBDOverview,
author = {Allen Lyons},
month = {California Air Resources Board},
title = {On-Board Diagnostics (OBD) Program Overview},
year = {2015},
}

@unpublished{Saarinen,
author = {Marien Saarinen},
title = {Car hacking: study shows over 100 models at risk},
year = {2015},
url = {http://www.autoexpress.co.uk/car-news/consumer-news/92304/car-hacking-study-shows-over-100-models-at-risk},
}

@article{Maxim,
author = {Maxim Raya and Jean-Pierre Hubaux},
journal = {Journal of Computer Security},
title = {Securing vehicular ad hoc networks},
volume = {15},
year = {2007},
}

@techreport{ISO14229,
author = {ISO14229},
institution = {International Organization for Standardization},
title = {Road vehicles — Unified diagnostic services (UDS) — Part 1: Specification and requirements},
type = {Standard},
year = {2013},
}

@techreport{ISO13400,
author = {ISO13400},
institution = {International Organization for Standardization},
title = {Road vehicles — Diagnostic communication over Internet Protocol (DoIP) — Part 1: General information and use case definition},
year = {2011},
}

@techreport{ISO11898-2,
author = {ISO11898-2},
institution = {International Organization for Standardization},
title = {ISO11898-2:2016: Road vehicles -- Controller area network (CAN) -- Part 2: High-speed medium access unit},
type = {Standard},
year = {2016},
}

@techreport{ISO11898-3,
institution = {International Organization for Standardization},
title = {ISO11898-3:2006: Road vehicles -- Controller area network (CAN) -- Part 3: Low-speed, fault-tolerant, medium-dependent interface.},
type = {Standard},
year = {2016},
}

@techreport{ECDH2,
author = {T. Putnam},
institution = {RFC Editor},
month = {November},
title = {ECDH-based Authentication using Pre-Shared Asymmetric Keypairs for (Datagram) Transport Layer Security ((D)TLS) Protocol version 1.2},
year = {2017},
url = {https://tools.ietf.org/id/draft-putman-tls-preshared-ecdh-00.html},
}

@techreport{RFC4492,
author = {S. Blake-Wilson and N. Bolyard and V. Gupta and C. Hawk and B. Moeller},
institution = {IETF},
month = {May},
number = {4492},
title = {Elliptic Curve Cryptography (ECC) Cipher Suites for Transport Layer Security (TLS)},
type = {RFC},
year = {2006},
}

@article{Blake-Wilson,
author = {Blake-Wilson, S. and Johnson, D. and A. Menezes},
journal = {Cryptography and Coding},
title = {Key Agreement Protocols and their Security Analysis},
volume = {1355},
year = {1997},
}

@article{GPS1,
author = {C. Dixon and C. Hill and M. Dumville and D. Lowe},
journal = {Coordinates Mag},
month = {March},
number = {3},
pages = {13\textendash 20},
title = {GNSS vulnerabilities: Testing the truth},
volume = {8},
year = {2012},
}

@inproceedings{GPS2,
author = {T. E. Humphreys and B. M. Ledvina and M. L. Psiaki and B. W. OHanlon and P. M. Kintner Jr},
pages = {2314\textendash 2325},
publisher = {in Proc. 21st Int. Techn. Meet. Satellite Division ION GNSS},
title = {Assessing the spoofing threat: Development portable GPS civilian spoofer},
year = {2008},
}

@article{GPS3,
author = {G. Hancke},
journal = {Secure Smart Embedded Devices, Platforms and Applications,},
title = {Security of embedded location systems},
volume = {267\textendash 286},
year = {2014},
}

@unpublished{Sintsov,
author = {Alexei Sintsov},
title = {(pen)testing vehicles with CANToolz},
year = {2016},
}

@book{Precedent,
author = {Philip Koopman},
publisher = {Public seminar},
title = {A case study of toyota unintended acceleration and software safety},
year = {2014},
}

@unpublished{MISRA,
author = {MISRA},
title = {Guidelines for the Use of the C Language in Critical Systems.},
year = {2004},
}

@inproceedings{Quickheck,
author = {Koen Claessen and John Hughes},
booktitle = {Proceedings of the Fifth ACM SIGPLAN International Conference on Functional Programming},
pages = {268–279},
publisher = {ICFP},
title = {QuickCheck: A lightweight tool for random testing of haskell programs},
year = {2000},
}

@unpublished{Pfeiffer,
author = {Olaf Pfeiffer and Christian Keydel},
title = {Scalable CAN security for CAN, CANopen and other protocols},
year = {2017},
}

@techreport{Leia,
author = {Andreea-Ina Radu and Flavio, D.},
institution = {Garcia School of Computer Science, University of Birmingham, UK},
year = {LeiA: A Lightweight Authentication Protocol for CAN},
}

@techreport{VatiCAN,
author = {Stefan N. \"{u}rnberger and Christian Rossow Cispa},
institution = {CISPA, Saarland University, Germany},
title = {VatiCAN Vetted authenticated CAN bus},
year = {2016},
}

@techreport{Sancus,
author = {Job Noorman and Pieter Agten and Wilfried Daniels and Raoul Strackx and Anthony Van Herrewege and Christophe Huygens and Bart Preneel and Frank Piessens and Ingrid Verbauwhede},
institution = {iMinds-DistriNet and iMinds-COSIC, KU Leuven},
title = {Sancus: Low-cost trustworthy extensible networked devices with a zero-software Trusted Computing Base},
}

@techreport{VulCAN,
author = {Jan Tobias M\"{u}hlberg and Frank Piessens and Jo Van Bulck},
institution = {Imec-Distrinet KuLeuven},
title = {VulCAN: Efficient Component Authentication and So ware Isolation for Automotive Control Networks},
year = {2017},
}

@techreport{ISO-26262-1,
author = {ISO},
institution = {International Organization for Standardization},
title = {ISO 26262-1:Road vehicles — Functional Safety,},
type = {Standard},
year = {2011},
}

@unpublished{Crispo,
author = {Cesar Bernardini and Muhammad Rizwan Asghar and Bruno Crispo},
title = {Security and privacy in vehicular communications: Challenges and opportunities},
year = {2017},
}

@unpublished{RFID,
author = {Julia Layton},
title = {Are RFID ignition systems secure?},
url = {https://electronics.howstuffworks.com/gadgets/automotive/rfid-ignition-system.html},
}

@techreport{TPMS,
author = {Ishtiaq Roufa and Rob Millerb and Hossen Mustafaa and Travis Taylora, Sangho Ohb and Wenyuan Xua and Marco Gruteserb and Wade Trappeb and Ivan Seskarb},
institution = {Dept. of CSE, Univ. of South Carolina, Columbia and Rutgers Univ., Piscataway, NJ USA},
title = {Security and Privacy Vulnerabilities of In-Car Wireless Networks: A Tire Pressure Monitoring System Case Study},
}

@article{Wired,
author = {Andy Greenberg},
journal = {Wired},
title = {Hackers Remotely Kill a Jeep on the Highway\textendash With Me in It},
year = {2015},
url = {https://www.wired.com/2015/07/hackers-remotely-kill-jeep-highway/?mbid=social_twitter},
}

@techreport{Pan,
author = {L. Pan and X. Zheng and H.X. Chen and T. Luan and H. Bootwala and L. Batten},
title = {Cyber security attacks to modern vehicular systems.},
institution = {School of Information Technology,Deakin University, Geelong, Victoria, 3220, Australia and State Key Laboratory of Automotive Safety and Energy, Tsinghua University, Beijing, China},
year = {2017},
month = {August},
}

@techreport{Sethi,
author = {M. Sethi and J. Arkko and A. Keranen and Ericsson, H. Back and Comptel},
institution = {IETF},
month = {August},
title = {Practical Considerations and Implementation Experiences in Securing Smart Object Networks.},
year = {2017},
url = {https://tools.ietf.org/id/draft-ietf-lwig-crypto-sensors-04.html},
}


